@article{WIKI00,
  author    = {Wikipedia},
  title     = {Gentlemen agreement to end competition},
  journal   = {Wikipedia},
  year      = {2000}
}

@book{S34,
  author    = {Heinrich Freiherr von Stackelberg},
  booktitle = {Marktform und Gleichgewicht},
  year      = {1934},
  publisher = {Wien und Berlin, J. Springer}
}

@inproceedings{BR15,
  author    = {Romain Brenguier and
               Jean{-}Fran{\c{c}}ois Raskin},
  title     = {Pareto Curves of Multidimensional Mean-Payoff Games},
  booktitle = {Computer Aided Verification - 27th International Conference, {CAV}
               2015, San Francisco, CA, USA, July 18-24, 2015, Proceedings, Part
               {II}},
  pages     = {251--267},
  year      = {2015}
}

@article{FGR20,
  author    = {Emmanuel Filiot and
               Raffaella Gentilini and
               Jean{-}Fran{\c{c}}ois Raskin},
  title     = {The Adversarial Stackelberg Value in Quantitative Games},
  journal   = {CoRR},
  volume    = {abs/2004.12918},
  year      = {2020}
}

@article{VCDHRR15,
  author    = {Yaron Velner and
               Krishnendu Chatterjee and
               Laurent Doyen and
               Thomas A. Henzinger and
               Alexander Moshe Rabinovich and
               Jean{-}Fran{\c{c}}ois Raskin},
  title     = {The complexity of multi-mean-payoff and multi-energy games},
  journal   = {Inf. Comput.},
  volume    = {241},
  pages     = {177--196},
  year      = {2015}
}

@inproceedings{CDEHR10,
  author    = {Krishnendu Chatterjee and
               Laurent Doyen and
               Herbert Edelsbrunner and
               Thomas A. Henzinger and
               Philippe Rannou},
  title     = {Mean-Payoff Automaton Expressions},
  booktitle = {{CONCUR} 2010 - Concurrency Theory, 21th International Conference,
               {CONCUR} 2010, Paris, France, August 31-September 3, 2010. Proceedings},
  pages     = {269--283},
  year      = {2010}
}

@inproceedings{FKL10,
  author    = {Dana Fisman and
               Orna Kupferman and
               Yoad Lustig},
  title     = {Rational Synthesis},
  booktitle = {Tools and Algorithms for the Construction and Analysis of Systems,
               16th International Conference, {TACAS} 2010, Held as Part of the Joint
               European Conferences on Theory and Practice of Software, {ETAPS} 2010,
               Paphos, Cyprus, March 20-28, 2010. Proceedings},
  pages     = {190--204},
  year      = {2010}
}

@article{KPV16,
  author    = {Orna Kupferman and
               Giuseppe Perelli and
               Moshe Y. Vardi},
  title     = {Synthesis with rational environments},
  journal   = {Ann. Math. Artif. Intell.},
  volume    = {78},
  number    = {1},
  pages     = {3--20},
  year      = {2016}
}

@inproceedings{CFGR16,
  author    = {Rodica Condurache and
               Emmanuel Filiot and
               Raffaella Gentilini and
               Jean{-}Fran{\c{c}}ois Raskin},
  title     = {The Complexity of Rational Synthesis},
  booktitle = {43rd International Colloquium on Automata, Languages, and Programming,
               {ICALP} 2016, July 11-15, 2016, Rome, Italy},
  pages     = {121:1--121:15},
  year      = {2016}
}

@inproceedings{FGR18,
  author    = {Emmanuel Filiot and
               Raffaella Gentilini and
               Jean{-}Fran{\c{c}}ois Raskin},
  title     = {Rational Synthesis Under Imperfect Information},
  booktitle = {Proceedings of the 33rd Annual {ACM/IEEE} Symposium on Logic in Computer
               Science, {LICS} 2018, Oxford, UK, July 09-12, 2018},
  pages     = {422--431},
  year      = {2018}
}

@inproceedings{GS14,
  author    = {Anshul Gupta and
               Sven Schewe},
  title     = {Quantitative Verification in Rational Environments},
  booktitle = {21st International Symposium on Temporal Representation and Reasoning,
               {TIME} 2014, Verona, Italy, September 8-10, 2014},
  pages     = {123--131},
  year      = {2014}
}

@article{GS18,
  author    = {Anshul Gupta and
               Sven Schewe},
  title     = {Buying Optimal Payoffs in Bi-Matrix Games},
  journal   = {Games},
  volume    = {9},
  number    = {3},
  pages     = {40},
  year      = {2018}
}

@inproceedings{GSTDP16,
  author    = {Anshul Gupta and
               Sven Schewe and
               Ashutosh Trivedi and
               Maram Sai Krishna Deepak and
               Bharath Kumar Padarthi},
  title     = {Incentive Stackelberg Mean-Payoff Games},
  booktitle = {Software Engineering and Formal Methods - 14th International Conference,
               {SEFM} 2016, Held as Part of {STAF} 2016, Vienna, Austria, July 4-8,
               2016, Proceedings},
  pages     = {304--320},
  year      = {2016}
}

@inproceedings{GS15,
  author    = {Anshul Gupta and
               Sven Schewe and
               Dominik Wojtczak},
  title     = {Making the Best of Limited Memory in Multi-Player Discounted Sum Games},
  booktitle = {Proceedings Sixth International Symposium on Games, Automata, Logics
               and Formal Verification, GandALF 2015, Genoa, Italy, 21-22nd September
               2015},
  pages     = {16--30},
  year      = {2015}
}

@article{CHJ06,
  author    = {Krishnendu Chatterjee and
               Thomas A. Henzinger and
               Marcin Jurdzinski},
  title     = {Games with secure equilibria},
  journal   = {Theor. Comput. Sci.},
  volume    = {365},
  number    = {1-2},
  pages     = {67--82},
  year      = {2006}
}

@inproceedings{PFKSV14,
  author    = {Julie {De Pril} and
               J{\'{a}}nos Flesch and
               Jeroen Kuipers and
               Gijs Schoenmakers and
               Koos Vrieze},
  title     = {Existence of Secure Equilibrium in Multi-player Games with Perfect
               Information},
  booktitle = {Mathematical Foundations of Computer Science 2014 - 39th International
               Symposium, {MFCS} 2014, Budapest, Hungary, August 25-29, 2014. Proceedings,
               Part {II}},
  pages     = {213--225},
  year      = {2014}
}

@article {Nash50,
	author = {Nash, John F.},
	title = {Equilibrium points in n-person games},
	volume = {36},
	number = {1},
	pages = {48--49},
	year = {1950},
	publisher = {National Academy of Sciences},
	journal = {Proceedings of the National Academy of Sciences}
}

@article{LH64,
  year = {1964},
  month = jun,
  publisher = {Society for Industrial {\&} Applied Mathematics ({SIAM})},
  volume = {12},
  number = {2},
  pages = {413--423},
  author = {Carlton Edward Lemke and J. T. Howson  Jr.},
  title = {Equilibrium Points of Bimatrix Games},
  journal = {Journal of the Society for Industrial and Applied Mathematics}
}